<?xml version="1.0" encoding="UTF-8"?><collection xmlns="http://www.loc.gov/MARC21/slim"><record><leader>00332nam--2200121-i-4500</leader><controlfield tag="001">000020604</controlfield><controlfield tag="002">20161230</controlfield><controlfield tag="005">20161230201033</controlfield><controlfield tag="008">060222s1000------------r-----000-0-eng-d</controlfield><datafield ind1=" " ind2=" " tag="080"><subfield code="a">001.818</subfield></datafield><datafield ind1=" " ind2=" " tag="245"><subfield code="a">Annual report. jahresvbericht`95 froschungszentrum julich gmbh</subfield></datafield><datafield ind1=" " ind2=" " tag="260"><subfield code="a">Forschungszentrum Julich Gmbh, 1995 168 P</subfield></datafield><datafield ind1=" " ind2=" " tag="852"><subfield code="a">72225</subfield></datafield></record></collection>